<?xml version="1.0" encoding="UTF-8"?>
<collection xmlns:xsi="http://www.w3.org/2001/XMLSchema-instance" xsi:schemaLocation="http://www.loc.gov/MARC21/slim http://www.loc.gov/standards/marcxml/schema/MARC21slim.xsd" xmlns="http://www.loc.gov/MARC21/slim">
<record>
  <leader>00921cam a22002291  4500</leader>
  <controlfield tag="001">2682170</controlfield>
  <controlfield tag="003">NNC</controlfield>
  <controlfield tag="005">20150920222858.0</controlfield>
  <controlfield tag="008">000925s1954    le            000 0 ara d</controlfield>
  <datafield tag="035" ind1=" " ind2=" ">
    <subfield code="a">(OCoLC)ocm45067980</subfield>
  </datafield>
  <datafield tag="035" ind1=" " ind2=" ">
    <subfield code="9">ARD1603CU</subfield>
  </datafield>
  <datafield tag="035" ind1=" " ind2=" ">
    <subfield code="a">(NNC)2682170</subfield>
  </datafield>
  <datafield tag="040" ind1=" " ind2=" ">
    <subfield code="a">ZCU</subfield>
    <subfield code="c">ZCU</subfield>
  </datafield>
  <datafield tag="041" ind1="0" ind2=" ">
    <subfield code="a">araeng</subfield>
  </datafield>
  <datafield tag="099" ind1=" " ind2=" ">
    <subfield code="a">956</subfield>
    <subfield code="a">M88</subfield>
  </datafield>
  <datafield tag="111" ind1="2" ind2=" ">
    <subfield code="a">Muʼtamar al-Idārah al-ʻĀmmah al-ʻArabī</subfield>
    <subfield code="d">(1954 :</subfield>
    <subfield code="c">Beirut, Lebanon)</subfield>
  </datafield>
  <datafield tag="245" ind1="1" ind2="0">
    <subfield code="a">[Taqārīr] Muʾtamar al-Idārah al-ʻĀmmah al-ʻArabī, 1954, bi-riʻāyat Dāʾirat al-Idārah al-ʻĀmmah fī al-Jāmiʻah al-Amīrikīyah fī Bayrūt.</subfield>
  </datafield>
  <datafield tag="260" ind1=" " ind2=" ">
    <subfield code="a">Bayrūt,</subfield>
    <subfield code="b">Maṭābiʻ Dār al-Kashshāf,</subfield>
    <subfield code="c">1954</subfield>
  </datafield>
  <datafield tag="300" ind1=" " ind2=" ">
    <subfield code="a">63, 19 p.</subfield>
  </datafield>
  <datafield tag="500" ind1=" " ind2=" ">
    <subfield code="a">Added t.p., and summary of proceedings, in English.</subfield>
  </datafield>
  <datafield tag="740" ind1="0" ind2=" ">
    <subfield code="a">Arab Public Administration Conference, 1954, sponsored by the Department of Public Administration, American University of Beirut.</subfield>
  </datafield>
  <datafield tag="955" ind1=" " ind2=" ">
    <subfield code="b">0026813114</subfield>
    <subfield code="d">glx</subfield>
    <subfield code="e">956 M88</subfield>
  </datafield>
</record>
</collection>